% Citations from initial proposal remain in the event we need to refer to them once again
